<?xml version="1.0" encoding="UTF-8"?><collection xmlns="http://www.loc.gov/MARC21/slim"><record><leader>00508nam--2200181-i-4500</leader><controlfield tag="001">000013625</controlfield><controlfield tag="002">20161230</controlfield><controlfield tag="005">20161230201030</controlfield><controlfield tag="008">060222s1000------------r-----000-0-eng-d</controlfield><datafield ind1=" " ind2=" " tag="040"><subfield code="a">IFIN-HH</subfield></datafield><datafield ind1=" " ind2=" " tag="080"><subfield code="a">535</subfield></datafield><datafield ind1="1" ind2=" " tag="100"><subfield code="a">Papoulis, Athanasios</subfield></datafield><datafield ind1="1" ind2="0" tag="245"><subfield code="a">System Transforms with Applications in Optics</subfield><subfield code="c">Athanasios Papoulis</subfield></datafield><datafield ind1=" " ind2=" " tag="260"><subfield code="a">SYDNEY</subfield><subfield code="b">McGraw Hill Book Company</subfield><subfield code="c">1968</subfield></datafield><datafield ind1=" " ind2=" " tag="300"><subfield code="a">474p</subfield></datafield><datafield ind1=" " ind2=" " tag="490"><subfield code="a">McGraw Hill Series in Systems Science</subfield></datafield><datafield ind1=" " ind2=" " tag="852"><subfield code="a">30393</subfield><subfield code="c">535</subfield></datafield><datafield ind1=" " ind2=" " tag="CAT"><subfield code="a">Sys</subfield><subfield code="c">20101027</subfield><subfield code="h">130214</subfield></datafield></record></collection>